<?xml version="1.0" encoding="UTF-8"?><record xmlns="http://www.loc.gov/MARC21/slim" xmlns:cinclude="http://apache.org/cocoon/include/1.0" xmlns:zs="http://www.loc.gov/zing/srw/">
  <leader>00561nz  a2200157n  4500</leader>
  <controlfield tag="001">no 98111895 </controlfield>
  <controlfield tag="003">DLC</controlfield>
  <controlfield tag="005">19981001053646.1</controlfield>
  <controlfield tag="008">980930n| acannaab|          |a aaa     c</controlfield>
  <datafield tag="010" ind1=" " ind2=" ">
    <subfield code="a">no 98111895 </subfield>
  </datafield>
  <datafield tag="035" ind1=" " ind2=" ">
    <subfield code="a">(OCoLC)oca04826243 </subfield>
  </datafield>
  <datafield tag="040" ind1=" " ind2=" ">
    <subfield code="a">FMU</subfield>
    <subfield code="c">FMU</subfield>
  </datafield>
  <datafield tag="100" ind1="1" ind2="0">
    <subfield code="a">Sowder, Wilson T.,</subfield>
    <subfield code="d">1910-</subfield>
  </datafield>
  <datafield tag="400" ind1="1" ind2="0">
    <subfield code="a">Sowder, Wilson T.,</subfield>
    <subfield code="c">M.D.</subfield>
  </datafield>
  <datafield tag="670" ind1=" " ind2=" ">
    <subfield code="a">Man to man talk about women and men, 1966:</subfield>
    <subfield code="b">t.p. (Wilson T. Sowder)</subfield>
  </datafield>
  <datafield tag="670" ind1=" " ind2=" ">
    <subfield code="a">OCLC, Sept. 30, 1998</subfield>
    <subfield code="b">(hdg.: Sowder, Wilson T., 1910-; Sowder, Wilson T.; Sowder, Wilson T., M.D.; usage: Wilson T. Sowder; Wilson Sowder)</subfield>
  </datafield>
</record>